@Book{Brizard,
  title = "An Introduction to Lagrangian Mechanics",
  author = "Alain J. Brizard",
  publisher = "World Scientific Publishing Company",
  year = "2008",
}

@Book{SODEII,
  title = "Solving Ordinary Differential Equations II",
  author = "Ernst Hairer and Gerhard Wanner",
  edition = "2",
  publisher = "Springer",
  year = "2010",
}

@Article{McLachlanAtela,
  author =       "Robert I. McLachlan and Pau Atela",
  title =        "The accuracy of symplectic integrators",
  year =         "1992",
  journal =      "Nonlinearity",
  volume =       "5",
  number =       "2",
  pages =        "541--562",
}

@Article{AbiaSanzSerna,
  author =       "L. Abia and J.M. Sanz-Serna",
  title =        "PARTITIONED RUNGE-KUTTA METHODS FOR SEPARABLE HAMILTONIAN PROBLEMS",
  year =         "1993",
  journal =      "Mathematics of Computation",
  volume =       "60",
  number =       "202",
  pages =        "617--634",
}

@Article{BarnesHut,
  author =       "Josh Barnes and Piet Hut",
  title =        "A hierarchical O(N log N) force-calculation algorithm",
  year =         "1986",
  journal =      "Nature",
  volume =       "324",
  pages =        "446--449",
}

@Misc{GravSim,
  author =  "Thomas Dickerson",
  title = "GravSim",
  howpublished = "\url{https://github.com/elfprince13/N-Body-Sim}",
  year = "2013",
}
